% This file was created with JabRef 2.10b2.
% Encoding: UTF-8

@article{Silva2014,
	title = {Fast gravity inversion of basement relief},
	issn = {0016-8033},
	url = {http://library.seg.org/doi/abs/10.1190/geo2014-0024.1},
	doi = {10.1190/geo2014-0024.1},
	urldate = {2014-09-15},
	journal = {GEOPHYSICS},
	author = {Silva, J. and Santos, D. and Gomes, K.},
	month = aug,
	year = {2014},
	pages = {G79--G91},
}

@InProceedings{Mckinney2010,
  author    = { Wes McKinney },
  title     = { Data Structures for Statistical Computing in Python },
  booktitle = { Proceedings of the 9th Python in Science Conference },
  pages     = { 51 - 56 },
  year      = { 2010 },
  editor    = { St\'efan van der Walt and Jarrod Millman }
}

@article{Hunter2007,
	title = {Matplotlib: {A} 2D graphics environment},
	volume = {9},
	shorttitle = {Matplotlib},
	url = {http://doi.ieeecomputersociety.org/10.1109/mcse.2007.55},
	doi = {10.1109/MCSE.2007.55},
	number = {3},
	urldate = {2013-10-22},
	journal = {Computing in Science \& Engineering},
	author = {Hunter, John D.},
	year = {2007},
	pages = {90--95}
}

@article{Ramachandran2011,
	title = {Mayavi: 3D visualization of scientific data},
	volume = {13},
	shorttitle = {Mayavi},
	url = {http://ieeexplore.ieee.org/xpls/abs_all.jsp?arnumber=5725237},
	doi = {10.1109/MCSE.2011.35},
	number = {2},
	urldate = {2013-10-22},
	journal = {Computing in Science \& Engineering},
	author = {Ramachandran, Prabhu and Varoquaux, GaÃ«l},
	year = {2011},
	pages = {40--51}
}

@article{Braitenberg2015,
	series = {{GOCE} earth science applications and models({Based} on the {ESA} {GOCE} solid earth workshop, 16-17 {October} 2012)},
	title = {Exploration of tectonic structures with {GOCE} in {Africa} and across-continents},
	volume = {35, Part A},
	issn = {0303-2434},
	url = {http://www.sciencedirect.com/science/article/pii/S0303243414000233},
	doi = {10.1016/j.jag.2014.01.013},
	journal = {International Journal of Applied Earth Observation and Geoinformation},
	author = {Braitenberg, Carla},
	month = mar,
	year = {2015},
	pages = {88--95},
}

@article{Reguzzoni2013,
	title = {Global {Moho} from the combination of the {CRUST}2.0 model and {GOCE} data},
	issn = {0956-540X, 1365-246X},
	url = {http://gji.oxfordjournals.org/cgi/doi/10.1093/gji/ggt247},
	doi = {10.1093/gji/ggt247},
	urldate = {2013-09-09},
	journal = {Geophysical Journal International},
	author = {Reguzzoni, M. and Sampietro, D. and Sanso, F.},
	month = jul,
	year = {2013},
}

@Article{Perez2007,
  Author    = {P\'erez, Fernando and Granger, Brian E.},
  Title     = {{IP}ython: a System for Interactive Scientific Computing},
  Journal   = {Computing in Science and Engineering},
  Volume    = {9},
  Number    = {3},
  Pages     = {21--29},
  month     = may,
  year      = 2007,
  url       = "http://ipython.org",
  ISSN      = "1521-9615",
  doi       = {10.1109/MCSE.2007.53},
  publisher = {IEEE Computer Society},
}


@Article{Alvarez2012,
  Title                    = {{GOCE} satellite derived gravity and gravity gradient corrected for topographic effect in the South Central Andes region: {GOCE} derivatives in the South Central Andes},
  Author                   = {{\'A}lvarez, Orlando and Gimenez, Mario and Braitenberg, Carla and Folguera, Andres},
  Journal                  = {Geophysical Journal International},
  Year                     = {2012},

  Month                    = aug,
  Number                   = {2},
  Pages                    = {941--959},
  Volume                   = {190},

  Doi                      = {10.1111/j.1365-246X.2012.05556.x},
  ISSN                     = {{0956540X}}
}

@Article{Asgharzadeh2007,
  Title                    = {Spherical prism gravity effects by {Gauss}-Legendre quadrature integration},
  Author                   = {Asgharzadeh, M. F. and von Frese, R. R. B. and Kim, H. R. and Leftwich, T. E. and Kim, J. W.},
  Journal                  = {Geophysical Journal International},
  Year                     = {2007},

  Month                    = apr,
  Number                   = {1},
  Pages                    = {1--11},
  Volume                   = {169},

  Doi                      = {10.1111/j.1365-246X.2007.03214.x},
  ISSN                     = {{0956540X}, {1365246X}}
}

@InProceedings{Barrera-Figueroa2006,
  Title                    = {Multiple root finder algorithm for Legendre and {Chebyshev} polynomials via {Newton\textquoteright}s method},
  Author                   = {Barrera-Figueroa, Victor and Sosa-Pedroza, Jorge and L{\'o}pez-Bonilla, Jos{\'e}},
  Booktitle                = {Annales Mathematicae et Informaticae},
  Year                     = {2006},
  Pages                    = {3{\textendash}13},
  Volume                   = {33}
}

@Article{Bouman2013,
  Title                    = {Reference frame transformation of satellite gravity gradients and topographic mass reduction},
  Author                   = {Bouman, Johannes and Ebbing, J{\"o}rg and Fuchs, Martin},
  Journal                  = {Journal of Geophysical Research: Solid Earth},
  Year                     = {2013},

  Month                    = feb,
  Number                   = {2},
  Pages                    = {759--774},
  Volume                   = {118},

  Copyright                = {{\textcopyright}2012. American Geophysical Union. All Rights Reserved.},
  Doi                      = {10.1029/2012JB009747},
  ISSN                     = {2169-9356}
}

@Article{Bouman2013a,
  Title                    = {{GOCE} gravity gradient data for lithospheric modeling},
  Author                   = {Bouman, Johannes and Ebbing, J{\"o}rg and Meekes, Sjef and Abdul Fattah, Rader and Fuchs, Martin and Gradmann, Sofie and Haagmans, Roger and Lieb, Verena and Schmidt, Michael and Dettmering, Denise and Bosch, Wolfgang},
  Journal                  = {International Journal of Applied Earth Observation and Geoinformation},
  Year                     = {2013},

  Doi                      = {10.1016/j.jag.2013.11.001},
  ISSN                     = {0303-2434}
}

@Article{Braitenberg2014,
  Title                    = {The {Europe}an Alps and nearby orogenic belts sensed by {GOCE}},
  Author                   = {Braitenberg, C. and Mariani, P. and De Min, A.},
  Journal                  = {Bollettino di Geofisica Teorica e Applicata},
  Year                     = {2014},

  Doi                      = {10.4430/bgta0105}
}

@Article{Braitenberg2011,
  Title                    = {The enigmatic {Chad} lineament revisited with global gravity and gravity-gradient fields},
  Author                   = {Braitenberg, Carla and Mariani, Patrizia and Ebbing, J{\"o}rg and Sprlak, Michal},
  Journal                  = {Geological Society, London, Special Publications},
  Year                     = {2011},

  Month                    = jan,
  Number                   = {1},
  Pages                    = {329--341},
  Volume                   = {357},

  Doi                      = {10.1144/SP357.18},
  ISSN                     = {0305-8719, 2041-4927}
}

@Article{Fullea2014,
  Title                    = {Perturbing effects of sub-lithospheric mass anomalies in {GOCE} gravity gradient and other gravity data modelling: Application to the Atlantic-Mediterranean transition zone},
  Author                   = {Fullea, J. and Rodr{\'i}guez-Gonz{\'a}lez, J. and Charco, M. and Martinec, Z. and Negredo, A. and Villase{\~n}or, A.},
  Journal                  = {International Journal of Applied Earth Observation and Geoinformation},
  Year                     = {2014},

  Doi                      = {10.1016/j.jag.2014.02.003},
  ISSN                     = {0303-2434}
}

@Article{Grombein2013,
  Title                    = {Optimized formulas for the gravitational field of a tesseroid},
  Author                   = {Grombein, Thomas and Seitz, Kurt and Heck, Bernhard},
  Journal                  = {Journal of Geodesy},
  Year                     = {2013},

  Month                    = jul,
  Number                   = {7},
  Pages                    = {645--660},
  Volume                   = {87},

  Doi                      = {10.1007/s00190-013-0636-1},
  ISSN                     = {0949-7714, 1432-1394}
}

@Article{Heck2007,
  Title                    = {A comparison of the tesseroid, prism and point-mass approaches for mass reductions in gravity field modelling},
  Author                   = {Heck, B. and Seitz, K.},
  Journal                  = {Journal of Geodesy},
  Year                     = {2007},

  Month                    = feb,
  Number                   = {2},
  Pages                    = {121--136},
  Volume                   = {81},

  Doi                      = {10.1007/s00190-006-0094-0},
  ISSN                     = {0949-7714, 1432-1394}
}

@Book{Hildebrand1987,
  Title                    = {Introduction to Numerical Analysis},
  Author                   = {Hildebrand, Francis Begnaud},
  Publisher                = {Dover Publications},
  Year                     = {1987},

  ISBN                     = {9780486653631}
}

@Article{Ku1977,
  Title                    = {A direct computation of gravity and magnetic anomalies caused by 2-and 3-dimensional bodies of arbitrary shape and arbitrary magnetic polarization by equivalent-point method and a simplified cubic spline},
  Author                   = {Ku, Chao C.},
  Journal                  = {Geophysics},
  Year                     = {1977},
  Number                   = {3},
  Pages                    = {610{\textendash}622},
  Volume                   = {42},

  Doi                      = {10.1190/1.1440732}
}

@Article{Li2011,
  Title                    = {An efficient and adaptive approach for modeling gravity effects in spherical coordinates},
  Author                   = {Li, Zhiwei and Hao, Tianyao and Xu, Ya and Xu, Yi},
  Journal                  = {Journal of Applied Geophysics},
  Year                     = {2011},

  Month                    = mar,
  Number                   = {3},
  Pages                    = {221--231},
  Volume                   = {73},

  Doi                      = {10.1016/j.jappgeo.2011.01.004},
  ISSN                     = {09269851}
}

@Article{Mariani2013,
  Title                    = {Explaining the thick crust in Paran{\'a} basin, {Brazil}, with satellite {GOCE} gravity observations},
  Author                   = {Mariani, Patrizia and Braitenberg, Carla and Ussami, Naomi},
  Journal                  = {Journal of South American Earth Sciences},
  Year                     = {2013},

  Month                    = aug,
  Pages                    = {209--223},
  Volume                   = {45},

  Doi                      = {10.1016/j.jsames.2013.03.008},
  ISSN                     = {08959811}
}

@Article{Martinec2014,
  Title                    = {Mass-density Green's functions for the gravitational gradient tensor at different heights},
  Author                   = {Martinec, Zden{\v e}k},
  Journal                  = {Geophysical Journal International},
  Year                     = {2014},

  Month                    = mar,
  Number                   = {3},
  Pages                    = {1455--1465},
  Volume                   = {196},

  Doi                      = {10.1093/gji/ggt495},
  ISSN                     = {0956-{540X}, 1365-{246X}}
}

@Article{Nagy2000,
  Title                    = {The gravitational potential and its derivatives for the prism},
  Author                   = {Nagy, D. and Papp, G. and Benedek, J.},
  Journal                  = {Journal of Geodesy},
  Year                     = {2000},

  Month                    = nov,
  Number                   = {7-8},
  Pages                    = {552--560},
  Volume                   = {74},

  Doi                      = {10.1007/s001900000116},
  ISSN                     = {0949-7714, 1432-1394}
}

@Article{Wild-Pfeiffer2008,
  Title                    = {A comparison of different mass elements for use in gravity gradiometry},
  Author                   = {Wild-Pfeiffer, F.},
  Journal                  = {Journal of Geodesy},
  Year                     = {2008},

  Month                    = apr,
  Number                   = {10},
  Pages                    = {637--653},
  Volume                   = {82},

  Doi                      = {10.1007/s00190-008-0219-8},
  ISSN                     = {0949-7714, 1432-1394}
}

